@article{Chupp,
      author         = "T. E. Chupp, and P. Fierlinger, and M. J. Ramsey-Musolf, and J. T. Singh",
      title          = "\href{https://doi.org/10.1103/RevModPhys.91.015001}{Electric dipole moments of atoms, molecules, nuclei, and
                        particles}",
      journal        = "Rev. Mod. Phys.",
      volume         = "91",
      year           = "2019",
      number         = "1",
      pages          = "015001",
      doi            = "10.1103/RevModPhys.91.015001",
      eprint         = "1710.02504",
      archivePrefix  = "arXiv",
      primaryClass   = "physics.atom-ph",
      reportNumber   = "ACFI-T17-18",
      SLACcitation   = "%%CITATION = ARXIV:1710.02504;%%",
      url           = {https://doi.org/10.1103/RevModPhys.91.015001},
}
    %   note           = {[\href{https://doi.org/10.1103/RevModPhys.91.015001}]}



@article{bestLim_1,
  title = "\href{https://link.aps.org/doi/10.1103/PhysRevLett.97.131801}{Improved Experimental Limit on the Electric Dipole Moment of the Neutron}",
  author = {C. A. Baker {\it et al.}},
  journal = {Phys. Rev. Lett.},
  volume = {97},
  issue = {13},
  pages = {131801},
  numpages = {4},
  year = {2006},
  publisher = {American Physical Society},
  doi = {10.1103/PhysRevLett.97.131801},
}
% note = {[\href{https://link.aps.org/doi/10.1103/PhysRevLett.97.131801}]}


@article{bestLim_2,
  title = "\href{https://link.aps.org/doi/10.1103/PhysRevD.92.092003}{Revised experimental upper limit on the electric dipole moment of the neutron}",
  author = {J. M. Pendlebury {\it et al.}},
  journal = {Phys. Rev. D},
  volume = {92},
  issue = {9},
  pages = {092003},
  numpages = {22},
  year = {2015},
  publisher = {American Physical Society},
  doi = {10.1103/PhysRevD.92.092003},
 
}
%  note = {[\href{https://link.aps.org/doi/10.1103/PhysRevD.92.092003}]}
 
@article{bea_paper,
author = {S. Afach {\it et al.}},
title = "\href{https://doi.org/10.1063/1.4894158}{Dynamic stabilization of the magnetic field surrounding the neutron electric dipole moment spectrometer at the Paul Scherrer Institute}",
journal = {Journal of Applied Physics},
volume = {116},
number = {8},
pages = {084510},
year = {2014},
doi = {10.1063/1.4894158},

}
% note = {[\href{https://doi.org/10.1063/1.4894158}]}

@online{SM_Pic,
 author  = "Wikimedia Commons",
 title   = "\href{https://commons.wikimedia.org/wiki/File:Standard_Model_of_Elementary_Particles.svg}{Standard model of elementary particles}",
 year    = "2006",
 urlseen = "02-12-19",
 }
% note = {[\href{https://commons.wikimedia.org/wiki/File:Standard_Model_of_Elementary_Particles.svg}]}


@article{comag_1,
  title = "\href{https://link.aps.org/doi/10.1103/PhysRevA.70.032102}{Geometric-phase-induced false electric dipole moment signals for particles in traps}",
  author = {J. M. Pendlebury {\it et al.}},
  journal = {Phys. Rev. A},
  volume = {70},
  issue = {3},
  pages = {032102},
  numpages = {20},
  year = {2004},
  publisher = {American Physical Society},
  doi = {10.1103/PhysRevA.70.032102},
 
}

%  note = {[\href{https://link.aps.org/doi/10.1103/PhysRevA.70.032102}]}

@article{comag_3,
  title = "\href{https://link.aps.org/doi/10.1103/PhysRevA.85.042105}{Electric-dipole-moment searches: Reexamination of frequency shifts for particles in traps}",
  author = {Pignol, G. and Roccia, S.},
  journal = {Phys. Rev. A},
  volume = {85},
  issue = {4},
  pages = {042105},
  numpages = {5},
  year = {2012},
  publisher = {American Physical Society},
  doi = {10.1103/PhysRevA.85.042105},
  
}
% note = {[\href{https://link.aps.org/doi/10.1103/PhysRevA.85.042105}]}
@article{comag_4,
  title = "\href{https://link.aps.org/doi/10.1103/PhysRevLett.102.101601}{Improved Limit on the Permanent Electric Dipole Moment of $^{199}\mathrm{Hg}$}",
  author = {Griffith, W. C. and Swallows, M. D. and Loftus, T. H. and Romalis, M. V. and Heckel, B. R. and Fortson, E. N.},
  journal = {Phys. Rev. Lett.},
  volume = {102},
  issue = {10},
  pages = {101601},
  numpages = {4},
  year = {2009},
  publisher = {American Physical Society},
  doi = {10.1103/PhysRevLett.102.101601},
  
}

% note = {[\href{https://link.aps.org/doi/10.1103/PhysRevLett.102.101601}]}

@article{ schiff_screen,
	author = {Yoon, B., and Bhattacharya, T., and Gupta, R.},
	title = "\href{https://doi.org/10.1051/epjconf/201817501014}{Neutron Electric Dipole Moment on the Lattice}",
	journal = {EPJ Web Conf.},
	year = "2018",
	volume = "175",
	pages = "01014",

}
% 	note = {[\href{https://doi.org/10.1051/epjconf/201817501014}]}
@article{psi,
      author         = "Schmidt-Wellenburg, P.",
      title          = "\href{https://doi.org/10.1063/1.4955363}{The quest for an electric dipole moment of the neutron}",
      booktitle      = "{Proceedings, 11th Latin American Symposium on Nuclear
                        Physics and Applications: Medellin, Colombia}",
      journal        = "AIP Conf. Proc.",
      volume         = "1753",
      year           = "2016",
      pages          = "060002",
      doi            = "10.1063/1.4955363",
     
}
  %note = {[\href{https://doi.org/10.1063/1.4955363}]}
@Article{psi_falseEDM,
author="S. Afach {\it et al.}",
title="\href{https://doi.org/10.1140/epjd/e2015-60207-4}{Measurement of a false electric dipole moment signal from ${\rm ^{199}Hg}$ atoms exposed to an inhomogeneous magnetic field}",
journal="The European Physical Journal D",
year="2015",
day="06",
volume="69",
number="10",
pages="225",
issn="1434-6079",
doi="10.1140/epjd/e2015-60207-4",
url="https://doi.org/10.1140/epjd/e2015-60207-4",

}
% note = {[\href{https://doi.org/10.1140/epjd/e2015-60207-4}]}
@article{rawlik_paper_coil,
author = {Rawlik, M. and Crawford, C. and Eggenberger, A and Kirch, K. and Krempel, J. and M. Piegsa, F. and Qu\'em\'ener, G.},
title = "\href{https://doi.org/10.1119/1.5042244}{A simple method of coil design}",
volume = {86},
number = {8},
pages = {602-608},
year = {2018},
journal = {American Journal of Physics},
doi = {10.1119/1.5042244},

}
% note = {[\href{https://doi.org/10.1119/1.5042244}]}
@article{psi_n_gradient,
  title = "\href{https://link.aps.org/doi/10.1103/PhysRevLett.115.162502}{Observation of Gravitationally Induced Vertical Striation of Polarized Ultracold Neutrons by Spin-Echo Spectroscopy}",
  author = {S. Afach {\it et al.}},
  journal = {Phys. Rev. Lett.},
  volume = {115},
  issue = {16},
  pages = {162502},
  numpages = {6},
  year = {2015},
  publisher = {American Physical Society},
  doi = {10.1103/PhysRevLett.115.162502},
  url = {https://link.aps.org/doi/10.1103/PhysRevLett.115.162502},
  
}
% note = {[\href{https://link.aps.org/doi/10.1103/PhysRevLett.115.162502}]}
@Article{psi_magnetometer,
author="H.-C. Koch {\it et al.}",
title="\href{https://doi.org/10.1140/epjd/e2015-60018-7}{Design and performance of an absolute $^{3}$He/Cs magnetometer}",
journal="The European Physical Journal D",
year="2015",
day="21",
volume="69",
number="8",
pages="202",
doi="10.1140/epjd/e2015-60018-7",
url="https://doi.org/10.1140/epjd/e2015-60018-7"}
% note = {[\href{https://doi.org/10.1140/epjd/e2015-60018-7}]}
% }


@inproceedings{psi_n2edm_nEDM-workshop,
  author    = {Lauss, B.},
  title     = "\href{https://meetings.triumf.ca/indico/event/10/session/0/contribution/1/material/slides/0.pdf}{Status of the apparatus for the next phase of the neutron EDM search at PSI â€“ n2EDM}",
  booktitle = {Neutron Electric Dipole Moment (nEDM2017) Workshop},
  year= {2017},
  address= "Harrison Hot Springs, BC, Canada",
  
  }
%  note = {[\href{https://meetings.triumf.ca/indico/event/10/session/0/contribution/1/material/slides/0.pdf}]} 
@inproceedings{sns_nEDM-workshop,
  author    = {B. Filippone},
  title     = "\href{https://meetings.triumf.ca/indico/event/10/session/2/contribution/34/material/slides/0.pptx}{The SNS nEDM experiment}",
  booktitle = {Neutron Electric Dipole Moment (nEDM2017) Workshop},
  year= {2017},
  address= "Harrison Hot Springs, BC, Canada",
  
  } 
% note = {[\href{https://meetings.triumf.ca/indico/event/10/session/2/contribution/34/material/slides/0.pptx}]}
@inproceedings{psi_n2edm_PPNS-workshop,
      author         = "C. Abel {\it et al.}",
      title          = "\href{https://arxiv.org/pdf/1811.02340.pdf}{The n2EDM experiment at the Paul Scherrer Institute}",
      booktitle      = "{International Workshop on Particle Physics at Neutron
                        Sources 2018 (PPNS 2018)}",
      year           = "2018",
      address= "Grenoble, France",
     
}  
%   note = {[\href{https://arxiv.org/pdf/1811.02340.pdf}]}
  
  @inproceedings{pnpi_nEDM-workshop,
  author    = {A. P. Serebrov and P. Geltenbort},
  title     = "\href{https://meetings.triumf.ca/indico/event/10/session/10/contribution/45}{nEDM research led by PNPI}",
   booktitle = {Neutron Electric Dipole Moment (nEDM2017) Workshop},
  year= {2017},
  address= "Harrison Hot Springs, BC, Canada",
  
  } 
%   note = {[\href{https://meetings.triumf.ca/indico/event/10/session/10/contribution/45}]}
  @inproceedings{ill2_nEDM-workshop,
  author    = {S. Degenkolb},
  title     = "\href{https://meetings.triumf.ca/indico/event/10/session/4/contribution/22/material/slides/0.pptx}{SuperSUN and PanEDM: a new superthermal UCN source for a new nEDM measurement}",
   booktitle = {Neutron Electric Dipole Moment (nEDM2017) Workshop},
  year= {2017},
  address= "Harrison Hot Springs, BC, Canada",
  
  } 
%   note = {[\href{https://meetings.triumf.ca/indico/event/10/session/4/contribution/22/material/slides/0.pptx}]}
  
  @inproceedings{sns_nEDM-workshop2,
  author    = {R. Pattie},
  title     = "\href{https://meetings.triumf.ca/indico/event/10/session/4/contribution/8/material/slides/0.pdf}{Commissioning of the ultracold neutron source at Los Alamos Neutron Science Center}",
   booktitle = {Neutron Electric Dipole Moment (nEDM2017) Workshop},
  year= {2017},
  address= "Harrison Hot Springs, BC, Canada",
  
  } 
%   note = {[\href{https://meetings.triumf.ca/indico/event/10/session/4/contribution/8/material/slides/0.pdf}]}
  
  @article{sns2,
  title = "\href{https://link.aps.org/doi/10.1103/PhysRevC.97.012501}{Performance of the upgraded ultracold neutron source at Los Alamos National Laboratory and its implication for a possible neutron electric dipole moment experiment}",
  author = {T. M. Ito {\it et al.}},
  journal = {Phys. Rev. C},
  volume = {97},
  issue = {1},
  pages = {012501},
  numpages = {6},
  year = {2018},
  publisher = {American Physical Society},
  doi = {10.1103/PhysRevC.97.012501},
  url = {https://link.aps.org/doi/10.1103/PhysRevC.97.012501},
  
}
% note = {[\href{https://link.aps.org/doi/10.1103/PhysRevC.97.012501}]}
  
@misc{rawlikpriv ,
  author    = {M. Rawlik},
  year = {2017},
  month = {Oct.},
  howpublished = {Private communication}
}

@misc{beapriv ,
  author    = {B. Franke},
  year = {2019},
 month = {Feb.},
  howpublished = {Private communication}
}

@inproceedings{rawkliknedm2017,
  author    = {M. Rawlik},
  title     = "\href{https://ucn.triumf.ca/edm/magnetic-shielding/active-compensation-our-r-d-efforts/material-from-michal-rawlik-psi-ethz-from-nedm2017-workshop}{External magnetic fields - mapping, monitoring and shielding}",
  booktitle = {Neutron Electric Dipole Moment (nEDM2017) Workshop},
  year= {2017},
  address= "Harrison Hot Springs, BC, Canada",
  
  }
%   note = {[\href{https://ucn.triumf.ca/edm/magnetic-shielding/active-compensation-our-r-d-efforts/material-from-michal-rawlik-psi-ethz-from-nedm2017-workshop}]}
@inproceedings{mammei_presentation,
  author    = {R. Mammei},
  title     = "\href{https://ucn.triumf.ca/meetings-and-workshops/collaboration-meetings/japan-collaboration-meeting-august-10-12-2013/RussPassiveMagneticShieldingJuly2013CollabMtg.pdf}{Passive Magnetic Shield}",
  booktitle = {TUCAN Collaboration Meeting},
  year= {2013},
  address= "Japan",
  
}
% note = {[\href{https://ucn.triumf.ca/meetings-and-workshops/collaboration-meetings/japan-collaboration-meeting-august-10-12-2013/RussPassiveMagneticShieldingJuly2013CollabMtg.pdf}]}
@inproceedings{liam_presentation,
  author    = {L. McLeod},
  title     = "\href{https://ucn.triumf.ca/edm/magnetic-shielding/active-compensation-our-r-d-efforts/TRIUMF_Presentation.pdf}{Active Shielding Prototype for the nEDM Measurement}",
  booktitle = {TUCAN Collaboration Meeting, TRIUMF},
  year= {2015},
  address= "TRIUMF, BC, Canada",
  
}
% note = {[\href{https://ucn.triumf.ca/edm/magnetic-shielding/active-compensation-our-r-d-efforts/TRIUMF_Presentation.pdf}]}
@report{sarte,
    author = {P. M. Sarte},
    title = "\href{https://ucn.triumf.ca/edm/raw-b-field-data-may-august-2012/Paul_Sarte-Report.pdf}{Magnetic Field Characterisation of the Meson Hall at TRIUMF for UCN-nEDM Experiment}",
    institution = {TRIUMF},
    year = {2013},
   
}
%  note = {[\href{https://ucn.triumf.ca/edm/raw-b-field-data-may-august-2012/Paul_Sarte-Report.pdf}]}
@report{allan_taraneh,
    author = {T. Andalib and J.W. Martin},
    title = "\href{https://ucn.triumf.ca/edm/magnetic-shielding/Allan%20Deviation.pdf}{Allan Deviation: Definitions and Theoretical Forms}",
    institution = {University of Winnipeg},
    year = {2016},
    
    }
% note = {[\href{https://ucn.triumf.ca/edm/magnetic-shielding/Allan%20Deviation.pdf}]}

@report{smith,
    author = {J. Smith},
    title = "\href{https://ucn.triumf.ca/edm/magnetic-shielding/perturbation-coil-setup-at-triumf/2017%20Co-Op%20Report-%20Josh%20Smith-%20Final%20Draft%20V2.pdf}{Work Term Report}",
    institution = {TRIUMF},
    year = {2017},
    
}
% note = {[\href{https://ucn.triumf.ca/edm/magnetic-shielding/perturbation-coil-setup-at-triumf/2017%20Co-Op%20Report-%20Josh%20Smith-%20Final%20Draft%20V2.pdf}]}
@Article{flux_sense,
AUTHOR = {Narod, B. B.},
TITLE = "\href{https://www.geosci-instrum-method-data-syst.net/3/201/2014/gi-3-201-2014.pdf}{The origin of noise and magnetic hysteresis in crystalline permalloy ring-core fluxgate sensors}",
JOURNAL = {Geoscientific Instrumentation, Methods and Data Systems},
VOLUME = {3},
YEAR = {2014},
NUMBER = {2},
PAGES = {201--210},
URL = {https://www.geosci-instrum-method-data-syst.net/3/201/2014/},
DOI = {10.5194/gi-3-201-2014},

}
% note = {[\href{https://www.geosci-instrum-method-data-syst.net/3/201/2014/gi-3-201-2014.pdf}]}
@report{cudmore,
    author = {E. Cudmore},
    title = "\href{https://ucn.triumf.ca/edm/magnetic-shielding/gradiometer-setup-at-triumf/mp_work_term_report_rev3.pdf}{Disturbance Coil Redesign and Characterization}",
    institution = {TRIUMF},
    year = {2018},
    
}
%   note = {[\href{https://ucn.triumf.ca/edm/magnetic-shielding/gradiometer-setup-at-triumf/mp_work_term_report_rev3.pdf}]}

@article{sns_lim,
author = {Peng, J.-C.},
title = "\href{https://doi.org/10.1142/S0217732308027771}{Neutron Electric Dipole Moment Experiments}",
journal = {Modern Physics Letters A},
volume = {23},
number = {17n20},
pages = {1397-1408},
year = {2008},
doi = {10.1142/S0217732308027771}}
% note = "[\href{https://doi.org/10.1142/S0217732308027771}]"
@article{sns_false_edm,
  title = "\href{https://doi.org/10.1103/PhysRevA.71.032104}{Detailed discussion of a linear electric field frequency shift induced in confined gases by a magnetic field gradient: Implications for neutron electric-dipole-moment experiments}",
  author = {Lamoreaux, S. K. and Golub, R.},
  journal = {Phys. Rev. A},
  volume = {71},
  issue = {3},
  pages = {032104},
  numpages = {10},
  year = {2005},
  publisher = {American Physical Society},
  doi = {10.1103/PhysRevA.71.032104},
  url = {https://link.aps.org/doi/10.1103/PhysRevA.71.032104},
 

}

%  note = "[\href{https://doi.org/10.1103/PhysRevA.71.032104}]"
@inproceedings{lanl_nEDM-workshop,
  author    = {Clayton, S.},
  title     = "\href{https://meetings.triumf.ca/indico/event/10/session/4/contribution/17/material/slides/0.pdf}{New effort to develop a new nEDM experiment at LANL}",
  booktitle = {Neutron Electric Dipole Moment (nEDM2017) Workshop},
  year= {2017},
  address= "Harrison Hot Springs, BC, Canada",
  
  }
%   note = {[\href{https://meetings.triumf.ca/indico/event/10/session/4/contribution/17/material/slides/0.pdf}]}
@article{frm2,
      author         = "I. Altarev {\it et al.}",
      title          = "\href{https://doi.org/10.1393/ncc/i2012-11271-0}{A next generation measurement of the electric dipole
                        moment of the neutron at the FRM II}",
      booktitle      = "{5th International Workshop on From Parity Violation to
                        Hadronic Structure and More (PAVI11) Rome, Italy,
                        September 5-9, 2011}",
      journal        = "Nuovo Cim.",
      volume         = "C035N04",
      year           = "2012",
      pages          = "122-127",
      doi            = "10.1393/ncc/i2012-11271-0",
 

}
    %  note = "[\href{https://doi.org/10.1393/ncc/i2012-11271-0}]"
@Article{PNPI,
author="A. P. Serebrov {\it et al.}",
title="\href{https://doi.org/10.1134/S1547477115020193}{New measurements of the neutron electric dipole moment with the Petersburg Nuclear Physics Institute double-chamber electric dipole moment spectrometer}",
journal="Physics of Particles and Nuclei Letters",
year="2015",
day="01",
volume="12",
number="2",
pages="286--296",
doi="10.1134/S1547477115020193",
url="https://doi.org/10.1134/S1547477115020193",

}
% note = "[\href{https://doi.org/10.1134/S1547477115020193}]"
@article{shield_pnpi,
author = {I. Altarev {\it et al.}},
title = "\href{https://doi.org/10.1063/1.4919366}{A large-scale magnetic shield with 106 damping at millihertz frequencies}",
journal = {Journal of Applied Physics},
volume = {117},
number = {18},
pages = {183903},
year = {2015},
doi = {10.1063/1.4919366},

}
% note = "[\href{https://doi.org/10.1063/1.4919366}]"
@article{shield_pnpi2,
      author         = "I. Altarev {\it et al.}",
      title          = "\href{https://doi.org/10.1063/1.4922671}{Minimizing magnetic fields for precision experiments}",
      journal        = "J. Appl. Phys.",
      volume         = "117",
      year           = "2015",
      pages          = "233903",
      doi            = "10.1063/1.4922671",

}
    %   note = "[\href{https://doi.org/10.1063/1.4922671}]"
@inproceedings{pnpi_nEDM-workshop_Ascona,
  author    = {Serebrov, Anatolii},
  title     = "[\href{https://indico.psi.ch/getFile.py/access?contribId=36&sessionId=12&resId=0&materialId=slides&confId=2973}{Present status and future prospects of nEDM experiment in Grenoble and in Gatchina}",
  booktitle = {Neutron Electric Dipole Moment (nEDM) Workshop},
  year= {2014},
  address= "Ascona, Switzerland",
  
  }
%  note = {[\href{https://indico.psi.ch/getFile.py/access?contribId=36&sessionId=12&resId=0&materialId=slides&confId=2973}]} 

@book{allan_tau,
author = {W. J. Riley},
title = "\href{http://ws680.nist.gov/publication/get_pdf.cfm?pub_id=50505}{ Handbook of Frequency Stability Analysis}",
publisher = { U.S. Department of Commerce, NIST Special Publication 1065},
pages = {1-123},
year = { 2008 },
type = { Book, Online },
language = { English }}  
% note = {[\href{http://ws680.nist.gov/publication/get_pdf.cfm?pub_id=50505}]}
  
@article{expBar,
title = "\href{https://doi.org/10.1016/S0370-2693(03)00800-1}{Effective number of neutrinos and baryon asymmetry from BBN and WMAP}",
journal = "Physics Letters B",
volume = "566",
number = "1",
pages = "8-18",
year = "2003",
issn = "0370-2693",
url = "http://www.sciencedirect.com/science/article/pii/S0370269303008001",
author = "V. Barger {\it et al.}"
}
% note = "[\href{https://doi.org/10.1016/S0370-2693(03)00800-1}]",
@article{Sakharov:1967dj,
author = "A. D. Sakharov",
title = "\href{https://pdfs.semanticscholar.org/0364/09ac4e7d2e55ea0801403aef93fc47bb7370.pdf}{Violation of $CP$ Invariance, $C$ asymmetry, and baryon asymmetry of the universe}",
journal = "JETP Lett.",
volume = "5",
year = "1967",
pages = "24-27",
SLACcitation   = "%%CITATION = ZFPRA,5,32;%%"
}
% note = "[\href{https://pdfs.semanticscholar.org/0364/09ac4e7d2e55ea0801403aef93fc47bb7370.pdf}]",
@book{jackson,
    author = {Jackson, J. D.},
     title = "\href{https://cds.cern.ch/record/490457/files/9780471309321_TOC.pdf}{Classical Electrodynamics}",
   edition = {${\rm3^{rd}}$},
 publisher = {John Wiley \& Sons Inc.},
   address = {New York},
      year = {1999},
     pages = {xxii+808},
   mrclass = {78.00},
  mrnumber = {MR0436782 (55 \#9721)},
 mrreviewer = {T. Kahan},
      isbn = {0-471-30932-X},
      note = "See \S5.12.",
     zblno = {0920.00012}}

@article{CB1,
author = {C. P. Bidinosti and J. W. Martin},
title = "\href{https://doi.org/10.1063/1.4873714}{Passive magnetic shielding in static gradient fields}",
journal = {AIP Advances},
volume = {4},
number = {4},
pages = {047135},
year = {2014},
doi = {10.1063/1.4873714},
URL = { https://doi.org/10.1063/1.4873714},

}
% note = {[\href{https://doi.org/10.1063/1.4873714}]}
@book{smythe,
  title=" \href{https://books.google.ca/books?id=7P0gAAAAMAAJ}{Static and Dynamic Electricity}",
  author={Smythe, W.R.},
  lccn={67028086},
  edition = {${\rm2^{nd}}$},
  address = {New York},
  note={See \S5.23, \S7.12, \S7.14 and \S7.17.},
  year={1950},
  publisher={McGraw-Hill}
}

@article{flux1,
title = "\href{https://doi.org/10.1016/0924-4247(92)80159-Z}{Review of fluxgate sensors}",
journal = "Sensors and Actuators A: Physical",
volume = "33",
number = "3",
pages = "129-141",
year = "1992",
issn = "0924-4247",

url = "http://www.sciencedirect.com/science/article/pii/092442479280159Z",
author = "P. Ripka"
}
% note = "[\href{https://doi.org/10.1016/0924-4247(92)80159-Z}]",

@misc{Mathematica,
  author = {Wolfram Research{,} Inc.},
  title = "\href{https://www.wolfram.com/mathematica}{Mathematica, {V}ersion 11.3}",
  note = {Champaign, IL, 2018}
}

@misc{flux,
author = {Bartington Instruments Ltd.},
title = "\href{http://www.bartington.com/catalogs/three-axis-fluxgate-magnetometers}{Three-Axis Fluxgate Magnetometers}",
note = {Witney, OX, England.}
}
% note = {[ \href{http://www.bartington.com/catalogs/three-axis-fluxgate-magnetometers}]}

@ARTICLE{active_raw_app_0, 
author={V. {Kelha} and J. {Pukki} and R. {Peltonen} and A. {Penttinen} and R. {Ilmoniemi} and J. {Heino}}, 
journal={IEEE Transactions on Magnetics}, 
title="\href{https://doi.org/10.1109/TMAG.1982.1061780}{Design, construction, and performance of a large-volume magnetic shield}", 
year={1982}, 
volume={18}, 
number={1}, 
pages={260-270}, 
doi={10.1109/TMAG.1982.1061780}, 
ISSN={0018-9464}, 

}
% note = {[\href{https://doi.org/10.1109/TMAG.1982.1061780}]}
@article{active_raw_app_1,
	doi = {10.1088/0957-0233/2/7/004},
	url = {https://doi.org/10.1088%2F0957-0233%2F2%2F7%2F004},
	year = 1991,
	publisher = {{IOP} Publishing},
	volume = {2},
	number = {7},
	pages = {596--601},
	author = {H. J. M. ter Brake, and H. J. Wieringa and H. Rogalla},
	title = "\href{https://doi.org/10.1088/0957-0233/2/7/004}{Improvement of the performance of a mu -metal magnetically shielded room by means of active compensation (biomagnetic applications)}",
	journal = {Measurement Science and Technology},

}
% 	note = {[\href{https://doi.org/10.1088/0957-0233/2/7/004}]}
@inproceedings{active_raw_app_2,
  author    = {J. Bork, and H.-D. Hahlbohm, and R. Klein, and A. Schnabel},
  title     = "\href{https://www.vacuumschmelze.de/fileadmin/documents/pdf/fipublikationen/Paper_Biomag_2000_217b1.pdf}{The 8-layered magnetically shielded room of the PTB: Design and construction}",
  booktitle = {Biomag 2000}, 
  address={Helsinki University of Technology, Espoo, Finland},
  year= {2000},
  
  }
% note = {[\href{https://www.vacuumschmelze.de/fileadmin/documents/pdf/fipublikationen/Paper_Biomag_2000_217b1.pdf}]}
@article {active_raw_app_6,
      author = {J. Voigt, and S. Knappe-Gr\"uneberg, and A. Schnabel, and R. K\"orber, and M. Burghoff},
      title = "\href{https://doi.org/10.2478/mms-2013-0021}{Measures to reduce the residual field and field gradient inside a magnetically shielded room by a factor of more than 10}",
      journal = "Metrology and Measurement Systems",
      year = "2013",
      volume = "20",
      number = "2",
      pages = {239--248},
      url = "https://content.sciendo.com/view/journals/mms/20/2/article-p239.xml",
 
}
    %  note = {[\href{https://doi.org/10.2478/mms-2013-0021}]}
@article{active_raw_app_3,
title = "\href{https://doi.org/10.1016/S0168-583X(03)01027-9}{Active compensation of stray magnetic fields at LIPSION}",
journal = "Nuclear Instruments and Methods in Physics Research Section B: Beam Interactions with Materials and Atoms",
volume = "210",
pages = "79-84",
year = "2003",
author = "D. Spemann and T. Reinert and J. Vogt and J. Wassermann and T. Butz",

}
% note = {[\href{https://doi.org/10.1016/S0168-583X(03)01027-9}]}
@article{active_raw_app_4,
title = "\href{https://doi.org/10.1016/j.nima.2005.08.040}{Magnetic field stabilization for magnetically shielded volumes by external field coils}",
journal = "Nuclear Instruments and Methods in Physics Research Section A: Accelerators, Spectrometers, Detectors and Associated Equipment",
volume = "554",
number = "1",
pages = "527-539",
year = "2005",
issn = "0168-9002",
url = "http://www.sciencedirect.com/science/article/pii/S0168900205016384",
author = "T. Bry\'s {\it et al.}",

}
% note = {[\href{https://doi.org/10.1016/j.nima.2005.08.040}]}
@ARTICLE{active_raw_app_5, 
author={K. {Kobayashi} and A. {Kon} and M. {Yoshizawa} and Y. {Uchikawa}}, 
journal={IEEE Transactions on Magnetics}, 
title="\href{https://doi.org/10.1109/TMAG.2012.2197854}{Active Magnetic Shielding Using Symmetric Magnetic Field Sensor Method}", 
year={2012}, 
volume={48}, 
number={11}, 
pages={4554-4557}, 
doi={10.1109/TMAG.2012.2197854}, 
ISSN={0018-9464}, 
}
% note = {[\href{https://doi.org/10.1109/TMAG.2012.2197854}]}

@PHDTHESIS{bea,
	author = {Franke, B.},
	publisher = {ETH Z\"urich},
	year = {2013},
	language = {en},
	copyright = {In Copyright - Non-Commercial Use Permitted},
	size = {161 p.},
	adress = {ZÃ¼rich},
	DOI = {10.3929/ethz-a-010144564},
	title = "\href{https://doi.org/10.3929/ethz-a-010144564}{Investigations of the internal and external magnetic fields of the neutron electric dipole moment experiment at the Paul Scherrer Institute}",
	school = {ETH Z\"urich}
}
    % note      = {[\href{https://doi.org/10.3929/ethz-a-010144564}]},
@PHDTHESIS{lins,
	author = "Lins, T.",
	title = "\href{http://mediatum.ub.tum.de/?id=1292177}{High Precision Physics in Low Magnetic Fields}",
	school = {Technische Universit\"at M\"unchen},
	address = {M\"unchen},
	size = {179 p.},
	year = 2016,

}
% 	note = "[\href{http://mediatum.ub.tum.de/?id=1292177}]"

@PHDTHESIS{rawlik,
	author = {Rawlik, M.},
	publisher = {ETH Z\"urich},
	year = {2018},
	language = {en},
	copyright = {In Copyright - Non-Commercial Use Permitted},
	size = {148 p.},
	adress = {Zurich},
	DOI = {10.3929/ethz-b-000273039},
	title = "\href{https://doi.org/10.3929/ethz-b-000273039}{Active Magnetic Shielding and Axion-Dark-Matter Search}",
	school = {ETH Z\"urich},
 
	
}
%   note      = {[\href{https://doi.org/10.3929/ethz-b-000273039}]}
@book{tikhonov2013numerical,
  title="\href{https://doi.org/10.1007/978-94-015-8480-7}{Numerical Methods for the Solution of Ill-Posed Problems}",
  author={A. N. Tikhonov, and A. V. Goncharsky, and V. V. Stepanov and A. G. Yagola},
  isbn={9789401584807},
  series={Mathematics and Its Applications},
  url={https://books.google.ca/books?id=EufzCAAAQBAJ},
  year={2013},
 
  publisher={Springer Netherlands}
}
%  note ={[\href{https://doi.org/10.1007/978-94-015-8480-7}]},

@book{reg1,
  title="\href{https://books.google.ca/books?id=ECrvAAAAMAAJ}{Solutions of ill-posed problems}",
  author={Tikhonov, A.N. and Arsenin, V.I.A.},
  isbn={9780470991244},
  lccn={77003422},
  series={Scripta series in mathematics},
 
  year={1977},
  publisher={Winston}
}
%  note={[\href{https://books.google.ca/books?id=ECrvAAAAMAAJ}]},
@book{reg2,
  title="\href{https://books.google.ca/books?id=2bzgmMv5EVcC}{Regularization of Inverse Problems}",
  author={Engl, H.W. and Hanke, M. and Neubauer, A.},
  isbn={9780792341574},
  lccn={lc96028672},
  series={Mathematics and Its Applications},

  year={1996},
  publisher={Springer Netherlands}
}
%   note={[\href{https://books.google.ca/books?id=2bzgmMv5EVcC}]},
@book{pid,
 author = {Astrom, Karl Johan and Murray, Richard M.},
 title = "{Feedback Systems: An Introduction for Scientists and Engineers}",
 year = {2008},
 ISBN = {0691135762, 9780691135762},
 publisher = {Princeton University Press},
 address = {Princeton, NJ, USA},
 note = "\S Chapter~10",
} 

@book{tuning,
  author    = {J. A. Shaw}, 
  title     = "\href{http://www.picvietnam.com/download/PIDcontrolbook2.pdf}{The PID Control Algorithm,Process Control Solutions}",
  year      = {2003},
  address   = {New York},
  Edition   = {${\rm2^{nd}}$},
 
}
%  note = {[\href{http://www.picvietnam.com/download/PIDcontrolbook2.pdf}]}
@article{tuning_ZN,
    author = {Ziegler, J. G. and Nichols, N. B.},
    journal = {Transactions of ASME},
    pages = {759--768},
    title = "\href{http://www.driedger.ca/Z-N/Ziegler.pdf}{Optimum Settings for Automatic Controllers}",
    volume = {64},
    year = {1942},
   
}
%  note = {[\href{http://www.driedger.ca/Z-N/Ziegler.pdf}]}
@misc{tuning_formula,
title = "\href{http://educypedia.karadimov.info/library/Ziegler_Nichols.pdf}{The Design of PID Controllers using Ziegler Nichols Tuning}",
author = {Copeland, B. R.},
year = {2008},
date = {March},

}
% note ={[\href{http://educypedia.karadimov.info/library/Ziegler_Nichols.pdf}]}
@misc{dft,
title = "\href{https://holometer.fnal.gov/GH_FFT.pdf}{Spectrum and spectral density estimation by the Discrete Fourier transform (DFT), including a comprehensive list of window functions and some new at-top windows}",
author = {Heinzel, G. and R\"udiger, A. and Schilling, R.},
year = {2002},

}
% note ={[\href{https://holometer.fnal.gov/GH_FFT.pdf}]}
@article{pseudo,
author = {J. C. A. Barata and M. S. Hussein},
title="\href{https://doi.org/10.1007/s13538-011-0052-z}{The Moore--Penrose Pseudoinverse: A Tutorial Review of the Theory}",
journal="Brazilian Journal of Physics",
year="2012",
day="01",
volume="42",
number="1",
pages="146--165",
issn="1678-4448",
doi={10.1007/s13538-011-0052-z},

}
% note="[\href{https://doi.org/10.1007/s13538-011-0052-z}]"
@article{svd,
author = {G. Golub and W. Kahan },
title = "\href{https://doi.org/10.1137/0702016}{Calculating the Singular Values and Pseudo-Inverse of a Matrix}",
journal = {Journal of the Society for Industrial and Applied Mathematics Series B Numerical Analysis},
volume = {2},
number = {2},
pages = {205-224},
year = {1965},
doi = {10.1137/0702016},
eprint = {https://doi.org/10.1137/0702016}}
% note = {[\href{https://doi.org/10.1137/0702016}]},
@INPROCEEDINGS{cond_m_size, 
author={A. Pyzara and B. Bylina and J. Bylina}, 
booktitle={Federated Conference on Computer Science and Information Systems (FedCSIS)}, 
title="\href{https://citeseerx.ist.psu.edu/viewdoc/download?doi=10.1.1.231.4346&rep=rep1&type=pdf}{The influence of a matrix condition number on iterative methods' convergence}", 
year={2011}, 
pages={459-464}, 
}
% note = {[\href{https://citeseerx.ist.psu.edu/viewdoc/download?doi=10.1.1.231.4346&rep=rep1&type=pdf}]}
@misc{T7,
author = {LabJack Corporation},
title = "\href{https://labjack.com/support/datasheets/t-series/appendix-a-3-1}{A-3-1 Noise and Resolution [T-Series Datasheet]}",
note = {Lakewood, CO, USA }
}
% note = {[\href{https://labjack.com/support/datasheets/t-series/appendix-a-3-1}]}
@misc{fWizard,
author = {Analog Devices{,} Inc.},
title = "\href{http://www.analog.com/designtools/en/filterwizard/}{Analog Filter Wizard}",
}
% note = {[\href{http://www.analog.com/designtools/en/filterwizard/}]}
@misc{mu-metal,
author = {Amuneal Manufacturing Corp.},
title = "\href{https://www.amuneal.com/magnetic-shielding/magnetic-shielding-materials}{Magnetic Shielding Materials}",
note   = {Philadelphia, PA, USA}
}

@article{1_lim,
  title = "\href{https://link.aps.org/doi/10.1103/PhysRev.108.120}{Experimental Limit to the Electric Dipole Moment of the Neutron}",
  author = {Smith, J. H. and Purcell, E. M. and Ramsey, N. F.},
  journal = {Phys. Rev.},
  volume = {108},
  issue = {1},
  pages = {120--122},
  numpages = {0},
  year = {1957},
  publisher = {American Physical Society},
  doi = {10.1103/PhysRev.108.120},

}
%   note = {[\href{https://link.aps.org/doi/10.1103/PhysRev.108.120}]}
@article{2_lim,
  title = "\href{https://link.aps.org/doi/10.1103/PhysRevLett.19.381}{Limit to the Electric Dipole Moment of the Neutron}",
  author = {Miller, P. D. and Dress, W. B. and Baird, J. K. and Ramsey, N. F.},
  journal = {Phys. Rev. Lett.},
  volume = {19},
  issue = {7},
  pages = {381--384},
  numpages = {0},
  year = {1967},
  publisher = {American Physical Society},
  doi = {10.1103/PhysRevLett.19.381},

}
%   note = {[\href{https://link.aps.org/doi/10.1103/PhysRevLett.19.381}]}
@article{3_lim,
  title = "\href{https://link.aps.org/doi/10.1103/PhysRevLett.19.384}{Search for a Neutron Electric Dipole Moment by a Scattering Experiment}",
  author = {Shull, C. G. and Nathans, R.},
  journal = {Phys. Rev. Lett.},
  volume = {19},
  issue = {7},
  pages = {384--386},
  numpages = {0},
  year = {1967},
  publisher = {American Physical Society},
  doi = {10.1103/PhysRevLett.19.384},
 
}
%  note = {[\href{https://link.aps.org/doi/10.1103/PhysRevLett.19.384}]}
@article{4_lim,
  title = "\href{https://link.aps.org/doi/10.1103/PhysRev.170.1200}{Upper Limit for the Electric Dipole Moment of the Neutron}",
  author = {Dress, W. B. and Baird, J. K. and Miller, P. D. and Ramsey, N. F.},
  journal = {Phys. Rev.},
  volume = {170},
  issue = {5},
  pages = {1200--1206},
  numpages = {0},
  year = {1968},
  publisher = {American Physical Society},
  doi = {10.1103/PhysRev.170.1200},
 
}
%  note = {[\href{https://link.aps.org/doi/10.1103/PhysRev.170.1200}]}
@article{5_lim,
  title = "\href{https://link.aps.org/doi/10.1103/PhysRev.177.1942}{Electric Dipole Moment of the Neutron}",
  author = {Cohen, V. W. and Nathans, R. and Silsbee, H. B. and Lipworth, E. and Ramsey, N. F.},
  journal = {Phys. Rev.},
  volume = {177},
  issue = {5},
  pages = {1942--1945},
  numpages = {0},
  year = {1969},
  publisher = {American Physical Society},
  doi = {10.1103/PhysRev.177.1942},

}
%   note = {[\href{https://link.aps.org/doi/10.1103/PhysRev.177.1942}]}
@article{6_lim,
  title = "\href{https://link.aps.org/doi/10.1103/PhysRev.179.1285}{Improved Upper Limit to the Electric Dipole Moment of the Neutron}",
  author = {Baird, J. K. and Miller, P. D. and Dress, W. B. and Ramsey, N. F.},
  journal = {Phys. Rev.},
  volume = {179},
  issue = {5},
  pages = {1285--1291},
  numpages = {0},
  year = {1969},
  publisher = {American Physical Society},
  doi = {10.1103/PhysRev.179.1285}}
%   note = {[\href{https://link.aps.org/doi/10.1103/PhysRev.179.1285}]}
% }
@article{7_lim,
  title = "\href{https://link.aps.org/doi/10.1103/PhysRevD.7.3147}{Improved Upper Limit for the Electric Dipole Moment of the Neutron}",
  author = {Dress, W. B. and Miller, P. D. and Ramsey, N. F.},
  journal = {Phys. Rev. D},
  volume = {7},
  issue = {11},
  pages = {3147--3149},
  numpages = {0},
  year = {1973},
  publisher = {American Physical Society},
  doi = {10.1103/PhysRevD.7.3147}}
%   note = {[\href{https://link.aps.org/doi/10.1103/PhysRevD.7.3147}]}
% }
@article{8_lim,
  title = "\href{https://link.aps.org/doi/10.1103/PhysRevD.15.9}{Search for an electric dipole moment of the neutron}",
  author = {Dress, W. B. and Miller, P. D. and Pendlebury, J. M. and Perrin, P. and Ramsey, N. F.},
  journal = {Phys. Rev. D},
  volume = {15},
  issue = {1},
  pages = {9--21},
  numpages = {0},
  year = {1977},
  publisher = {American Physical Society},
  doi = {10.1103/PhysRevD.15.9}}
%   note = {[\href{https://link.aps.org/doi/10.1103/PhysRevD.15.9}]}
% }

@article{9_lim,
title = "\href{https://doi.org/10.1016/0375-9474(80)90313-9}{A search for the electric dipole moment of the neutron using ultracold neutrons}",
journal = "Nuclear Physics A",
volume = "341",
number = "2",
pages = "269-283",
year = "1980",
issn = "0375-9474",
url = "http://www.sciencedirect.com/science/article/pii/0375947480903139",
author = "I. S. Altarev {\it et al.}"
}
% note = {[\href{https://doi.org/10.1016/0375-9474(80)90313-9}]},
@article{10_lim,
title = "\href{https://doi.org/10.1016/0370-2693(81)90202-1}{A new upper limit on the electric dipole moment of the neutron}",
journal = "Physics Letters B",
volume = "102",
number = "1",
pages = "13-16",
year = "1981",
issn = "0370-2693",
url = "http://www.sciencedirect.com/science/article/pii/0370269381902021",
author = "I. S. Altarev {\it et al.}"
}
% note = {[\href{https://doi.org/10.1016/0370-2693(81)90202-1}]},
@article{11_lim,
title = "\href{https://doi.org/10.1016/0370-2693(84)92013-6}{Search for a neutron electric dipole moment}",
journal = "Physics Letters B",
volume = "136",
number = "5",
pages = "327-330",
year = "1984",
issn = "0370-2693",
url = "http://www.sciencedirect.com/science/article/pii/0370269384920136",
author = "J. M. Pendlebury {\it et al.}"
}
% note = {[\href{https://doi.org/10.1016/0370-2693(84)92013-6}]},
@article{12_lim,
title = "\href{http://www.jetpletters.ac.ru/ps/1393/article_21119.shtml}{Search for an electric dipole moment of the neutron}",
journal = "JETP Letters",
volume = "44",
number = "8",
pages = "460-464",
year = "1986",
author = "I. S. Altarev {\it et al.} "
}
% note = {[\href{http://www.jetpletters.ac.ru/ps/1393/article_21119.shtml}]},
@article{13_lim,
title = "\href{https://doi.org/10.1016/0370-2693(90)92027-G}{A search for the electric dipole moment of the neutron}",
journal = "Physics Letters B",
volume = "234",
number = "1",
pages = "191-196",
year = "1990",
issn = "0370-2693",

author = "K. F. Smith {\it et al.}"
}
% note = {[\href{https://doi.org/10.1016/0370-2693(90)92027-G}]},
% url = "http://www.sciencedirect.com/science/article/pii/037026939092027G",
@article{14_lim,
title = "\href{https://doi.org/10.1016/0370-2693(92)90571-K}{New measurement of the electric dipole moment of the neutron}",
journal = "Physics Letters B",
volume = "276",
number = "1",
pages = "242-246",
year = "1992",
issn = "0370-2693",
url = "http://www.sciencedirect.com/science/article/pii/037026939290571K",
author = "I. S. Altarev {\it et al.}"
}
% note = {[\href{https://doi.org/10.1016/0370-2693(92)90571-K}]},
@ARTICLE{15_lim,
   author = {I. S. Altarev {\it et al.}},
    title = "\href{https://www.researchgate.net/publication/259067554_Search_for_the_neutron_electric_dipole_moment}{Search for the neutron electric dipole moment}",
  journal = {Physics of Atomic Nuclei},
     year = "1996",
   volume = "59",
   number = "7",
    pages = {1152-1170},}
   % note = {[\href{https://www.researchgate.net/publication/259067554_Search_for_the_neutron_electric_dipole_moment}]}

@article{16_lim,
  title = "\href{https://link.aps.org/doi/10.1103/PhysRevLett.82.904}{New Experimental Limit on the Electric Dipole Moment of the Neutron}",
  author = {P.G. Harris {\it et al.}},
  volume = {82},
  issue = {5},
  pages = {904--907},
  numpages = {0},
  year = {1999},
  publisher = {American Physical Society},
  doi = {10.1103/PhysRevLett.82.904},}
  % note = {[\href{https://link.aps.org/doi/10.1103/PhysRevLett.82.904}]}

@article{17_lim,
  title = "\href{https://link.aps.org/doi/10.1103/PhysRevLett.97.131801}{Improved Experimental Limit on the Electric Dipole Moment of the Neutron}",
  author = {C.A. Baker {\it et al.}},
  journal = {Phys. Rev. Lett.},
  volume = {97},
  issue = {13},
  pages = {131801},
  numpages = {4},
  year = {2006},
  publisher = {American Physical Society},
  doi = {10.1103/PhysRevLett.97.131801},}
  % note = {[\href{https://link.aps.org/doi/10.1103/PhysRevLett.97.131801}]}



@article{sakharov_1st_cond,
      author         = "Kolb, Edward W. and Turner, Michael S.",
      title          = "{The Early Universe}",
      journal        = "Front. Phys.",
      volume         = "69",
      year           = "1990",
      pages          = "1-547",
      SLACcitation   = "%%CITATION = FRPHA,69,1;%%"
}

     
@article{sakharov_3rd_cond,
author = {Cohen, A. G. and Kaplan, D. B. and Nelson, A. E.},
title = "\href{https://doi.org/10.1146/annurev.ns.43.120193.000331}{Progress in Electroweak Baryogenesis}",
journal = {Annual Review of Nuclear and Particle Science},
volume = {43},
number = {1},
pages = {27-70},
year = {1993},
doi = {10.1146/annurev.ns.43.120193.000331}}
% note = {[\href{https://doi.org/10.1146/annurev.ns.43.120193.000331}]}

    
@article{edm_reason,
  author={N. F. Ramsey},
  title="\href{http://stacks.iop.org/0034-4885/45/i=1/a=003}{Electric-dipole moments of elementary particles}",
  journal={Reports on Progress in Physics},
  volume={45},
  number={1},
  pages={95},
  url={http://stacks.iop.org/0034-4885/45/i=1/a=003},
  year={1982}}
  % note = {[\href{http://stacks.iop.org/0034-4885/45/i=1/a=003}]}


@article{nEDM_reason,
title = "\href{https://doi.org/10.1016/j.nima.2013.10.005}{Apparatus for measurement of the electric dipole moment of the neutron using a cohabiting atomic-mercury magnetometer}",
journal = "Nuclear Instruments and Methods in Physics Research Section A: Accelerators, Spectrometers, Detectors and Associated Equipment",
volume = "736",
pages = "184-203",
year = "2014",
issn = "0168-9002",
url = "http://www.sciencedirect.com/science/article/pii/S0168900213013193",
author = "C.A. Baker {\it et al.}"
}
% note = {[\href{https://doi.org/10.1016/j.nima.2013.10.005}]},


@article{theory_lim_1,
title = "\href{https://doi.org/10.1016/0168-9002(89)90243-X}{Theory of the neutron electric dipole moment}",
journal = "Nuclear Instruments and Methods in Physics Research Section A: Accelerators, Spectrometers, Detectors and Associated Equipment",
volume = "284",
number = "1",
pages = "33-39",
year = "1989",
issn = "0168-9002",
url = "http://www.sciencedirect.com/science/article/pii/016890028990243X",
author = "J. Ellis"
}
% note = "[\href{https://doi.org/10.1016/0168-9002(89)90243-X}]",

@article{theory_lim_2,
author = {He, X.-G. and Mckellar, B. H. J. and Pakvasa, S.},
title = "\href{https://doi.org/10.1142/S0217751X89002144}{The Neutron Electric Dipole Moment}",
journal = {International Journal of Modern Physics A},
volume = {04},
number = {19},
pages = {5011-5046},
year = {1989},
doi = {10.1142/S0217751X89002144}}
% note = {[\href{https://doi.org/10.1142/S0217751X89002144}]}


@article{theory_lim_3,
author="Ellis, S. A. R.
and Kane, G. L.",
title="\href{https://doi.org/10.1007/JHEP01(2016)077}{Theoretical prediction and impact of fundamental electric dipole moments}",
journal="Journal of High Energy Physics",
year="2016",
day="13",
volume="2016",
number="1",
pages="77",
issn="1029-8479",
doi="10.1007/JHEP01(2016)077"}
% note="[\href{https://doi.org/10.1007/JHEP01(2016)077}]"


@article{ucn_storage,
title = "{Storage of Cold Neutrons}",
journal = "Sov. Phys. JETP",
volume = "9",
pages = "1389",
year = "1959",
author = "Ya. B. Zel'dovich"
}
% note = {[\href{http://www.jetp.ac.ru/cgi-bin/dn/e_009_06_1389.pdf}]},

@MASTERSTHESIS{mike,
	author = {Lang, M.},
	publisher = {The University of Manitoba},
	year = {2013},
	language = {en},
	copyright = {Michael Loren Lang},
	size = {93},
	adress = {Winnipeg, MB, Canada.},
	title = "\href{https://mspace.lib.umanitoba.ca/xmlui/bitstream/handle/1993/23223/lang_michael.pdf}{ Development of Active Magnetic Shielding for the Neutron Electric Dipole Moment Experiment at TRIUMF}",
	school = {The University of Manitoba}
}
http://hdl.handle.net/1993/33785
@PHDTHESIS{taraneh_theis,
	author = {Andalib, T.},
	publisher = {The University of Manitoba},
	year = {2019},
	language = {en},
	copyright = {T. Andalib},
	size = {173},
	adress = {Winnipeg, MB, Canada.},
	title = "\href{http://hdl.handle.net/1993/33785}{Magnetic Fields and Ultracold Neutron Production: Studies Towards the Neutron Electric Dipole Moment Experiment at TRIUMF}",
	school = {The University of Manitoba}
}

@article{TRIUMF_UCN,
  title = "\href{https://doi.org/10.1103/PhysRevC.99.025503}{First ultracold neutrons produced at TRIUMF}",
  author = {S. Ahmed {\it et al.}},
  collaboration = {TUCAN},
  journal = {Phys. Rev. C},
  volume = {99},
  issue = {2},
  pages = {025503},
  numpages = {8},
  year = {2019},
  publisher = {American Physical Society},
  doi = {10.1103/PhysRevC.99.025503},
  url = {https://link.aps.org/doi/10.1103/PhysRevC.99.025503}}
  % note = {[\href{https://doi.org/10.1103/PhysRevC.99.025503}]}

@article{TRIUMF_UCN_V0,
      author         = "S. Ahmed {\it et al.}",
      title          = "\href{https://arxiv.org/abs/1809.04071v1}{First ultracold neutrons produced at TRIUMF}",
      collaboration  = "TUCAN",
      year           = "2018",
      eprint         = "1809.04071",
      archivePrefix  = "arXiv",
      primaryClass   = "physics.ins-det",
      SLACcitation   = "%%CITATION = ARXIV:1809.04071;%%"
}
      % note = {[\href{https://arxiv.org/abs/1809.04071v1}]},

@article{TRIUMF_Beamline,
title = "\href{https://doi.org/10.1016/j.nima.2019.01.074}{A beamline for fundamental neutron physics at TRIUMF}",
journal = "Nuclear Instruments and Methods in Physics Research Section A: Accelerators, Spectrometers, Detectors and Associated Equipment",
volume = "927",
pages = "101-108",
year = "2019",
issn = "0168-9002",
doi = "https://doi.org/10.1016/j.nima.2019.01.074",
url = "http://www.sciencedirect.com/science/article/pii/S0168900219301184",
author = "S. Ahmed {\it et al.}",
keywords = "Proton beamline, Spallation target, Neutron source, Ultracold neutrons, Kicker magnet",
abstract = "This article describes the new primary proton beamline 1U at TRIUMF. The purpose of this beamline is to produce ultracold neutrons (UCN) for fundamental-physics experiments. It delivers up to 40ÂµA of 480MeV protons from the TRIUMF cyclotron to a tungsten spallation target and uses a fast kicker to share the beam between the Center for Molecular and Materials Science and UCN. The beamline has been successfully commissioned and operated with a beam current up to 10ÂµA, facilitating first large-scale UCN production in Canada."}
% note = {[\href{https://doi.org/10.1016/j.nima.2019.01.074}]}


@article{ramsey,
  title = "\href{https://doi.org/10.1103/PhysRev.78.695}{A Molecular Beam Resonance Method with Separated Oscillating Fields}",
  author = {Ramsey, N. F.},
  journal = {Phys. Rev.},
  volume = {78},
  issue = {6},
  pages = {695--699},
  numpages = {0},
  year = {1950}}
  % note={[\href{https://doi.org/10.1103/PhysRev.78.695}]}
  
  
 @article{Andalib_temp,
      author         = "Andalib, T. and Martin, J. W. and Bidinosti, C. P. and
                        Mammei, R. R. and Jamieson, B. and Lang, M. and Kikawa,
                        T.",
      title          = "\href{https://doi.org/10.1016/j.nima.2017.05.050}{Sensitivity of Fields Generated within Magnetically
                        Shielded Volumes to Changes in Magnetic Permeability}",
      journal        = "Nucl. Instrum. Meth.",
      volume         = "A867",
      year           = "2017",
      pages          = "139-147",
      eprint         = "1612.06047",
      archivePrefix  = "arXiv",
      primaryClass   = "physics.ins-det",
      SLACcitation   = "%%CITATION = ARXIV:1612.06047;%%"
}
      % note           = "[\href{https://doi.org/10.1016/j.nima.2017.05.050}]",

@article{mu_cyl_1,
title = "\href{https://doi.org/10.1016/j.phpro.2011.06.032}{The search for the neutron electric dipole moment at the Paul Scherrer Institute}",
journal = "Physics Procedia",
volume = "17",
pages = "159-167",
year = "2011",
issn = "1875-3892",
author = "C.A. Baker {\it et al.}"
}
% note = "[\href{https://doi.org/10.1016/j.phpro.2011.06.032}]",

@Article{mu_cyl_2,
author="A. P. Serebrov {\it et al.}",
title="\href{https://doi.org/10.1134/S0021364014010111}{New measurements of the neutron electric dipole moment}",
journal="JETP Letters",
year="2014",
day="01",
volume="99",
number="1",
pages="4--8",
issn="1090-6487",
doi="10.1134/S0021364014010111"}
% note="[\href{https://doi.org/10.1134/S0021364014010111}]"

@article{mu_msr_1,
author = {I. Altarev {\it et al.}},
title = "\href{https://doi.org/10.1063/1.4886146}{A magnetically shielded room with ultra low residual field and gradient}",
journal = {Review of Scientific Instruments},
volume = {85},
number = {7},
pages = {075106},
year = {2014},
doi = {10.1063/1.4886146}}
% note ={[\href{https://doi.org/10.1063/1.4886146}]}



@article{mu_inner_1,
      author         = "I. Altarev {\it et al.}",
      title          = "\href{https://doi.org/10.1393/ncc/i2012-11271-0}{A next generation measurement of the electric dipole
                        moment of the neutron at the FRM II}",
      booktitle      = "{5th International Workshop on From Parity Violation to
                        Hadronic Structure and More (PAVI11) Rome, Italy,
                        September 5-9, 2011}",
      journal        = "Nuovo Cim.",
      volume         = "C035N04",
      year           = "2012",
      pages          = "122-127",
      SLACcitation   = "%%CITATION = NUCIA,C035N04,122;%%"
}
      % note            = "[\href{https://doi.org/10.1393/ncc/i2012-11271-0}]",


@article{mu_inner_2,
author = {Kirch,K. },
title = "\href{https://doi.org/10.1063/1.4826726}{EDM searches}",
journal = {AIP Conference Proceedings},
volume = {1560},
number = {1},
pages = {90-94},
year = {2013},
doi = {10.1063/1.4826726}}
% note = {[\href{https://doi.org/10.1063/1.4826726}]}

@article{baby_shield,
      author         = "Martin, J. W. and Mammei, R. and Klassen,
                        W. and Cerasani, C. and Andalib, T. and
                        Bidinosti, C. P. and Lang, M. and Ostapchuk,
                        D.",
      title          = "\href{https://doi.org/10.1016/j.nima.2015.01.003}{Large Magnetic Shielding Factor Measured by Nonlinear
                        Magneto-optical Rotation}",
      journal        = "Nucl. Instrum. Meth.",
      volume         = "A778",
      year           = "2015",
      pages          = "61-66",
      eprint         = "1411.1962",
      archivePrefix  = "arXiv",
      primaryClass   = "physics.ins-det",
      SLACcitation   = "%%CITATION = ARXIV:1411.1962;%%"
}
      % note          = "[\href{https://doi.org/10.1016/j.nima.2015.01.003}]",

@misc{weather_station,
author = {Space Weather Canada},
title = "\href{http://www.spaceweather.gc.ca/plot-tracee/mp-en.php?plot_type=magnetic}{Magnetic Plotting Service}",
}
% note = {[\href{http://www.spaceweather.gc.ca/plot-tracee/mp-en.php?plot_type=magnetic}]}

@misc{opera,
  author = {COBHAM},
  title = "\href{https://operafea.com}{OPERA Simulation Software}",
  address = {Aurora, IL, US},
}
  % note = {[\href{https://operafea.com}]}

@ARTICLE{allan, 
author={D. W. Allan}, 
journal={Proceedings of the IEEE}, 
title="\href{https://doi.org/10.1109/PROC.1966.4634}{Statistics of atomic frequency standards}", 
year={1966}, 
volume={54}, 
number={2}, 
pages={221-230}, 
keywords={Statistics;Atomic clocks;Frequency;Fluctuations;1f noise;Measurement standards;Standards development;Sampling methods;NIST;Masers}, 
doi={10.1109/PROC.1966.4634}, 
ISSN={0018-9219}}
% note= "[\href{https://doi.org/10.1109/PROC.1966.4634}]"}

@ARTICLE{allan-2, 
author={J. A. Barnes {\it et al.}}, 
journal={IEEE Transactions on Instrumentation and Measurement}, 
title="\href{https://doi.org/10.1109/TIM.1971.5570702}{Characterization of Frequency Stability}", 
year={1971}, 
volume={IM-20}, 
number={2}, 
pages={105-120}, 
keywords={Time frequency analysis;Noise;Thermal stability;Stability analysis;Time measurement}, 
doi={10.1109/TIM.1971.5570702}, 
ISSN={0018-9456}}
% note= "[\href{https://doi.org/10.1109/TIM.1971.5570702}]"}


@ARTICLE{svd2, 
    author={V. Klema and A. Laub}, 
    journal={IEEE Transactions on Automatic Control}, 
    title="\href{https://doi.org/10.1109/TAC.1980.1102314}{The singular value decomposition: Its computation and some applications}", 
    year={1980}, 
    volume={25}, 
    number={2}, 
    pages={164-176}, 
    doi={10.1109/TAC.1980.1102314}, 
    ISSN={0018-9286}}
    % note= "[\href{https://doi.org/10.1109/TAC.1980.1102314}]"}
    
@article{svd_complex,
     author = {Autonne, L.},
     title = "\href{https://doi.org/10.24033/bsmf.665}{Sur les groupes lin\'eaires, r\'eels et orthogonaux}",
     journal = {Bulletin de la Soci\'et\'e Math\'ematique de France},
     publisher = {Soci\'et\'e math\'ematique de France},
     volume = {30},
     year = {1902},
     pages = {121-134},
     doi = {10.24033/bsmf.665},
     language = {fr},
     url = {http://www.numdam.org/item/BSMF_1902__30__121_1}}
     % note= "[\href{https://doi.org/10.24033/bsmf.665}]"

@book{tikhonov_book,
author = {Hansen, P. and Nagy, J. and O'Leary, D.},
title = "\href{https://doi.org/10.1137/1.9780898718874}{Deblurring Images}",
publisher = {Society for Industrial and Applied Mathematics},
year = {2006},
doi = {10.1137/1.9780898718874},
address = {},
edition   = {},
URL = {https://epubs.siam.org/doi/abs/10.1137/1.9780898718874},
eprint = {https://epubs.siam.org/doi/pdf/10.1137/1.9780898718874},
 note = "See Chapters~\S1,~\S5,~and~\S6."
}

@book{svd4,
author = {Hansen, P. and Nagy, J. and O'Leary, D.},
title = "\href{https://doi.org/10.1137/1.9780898718874.ch1}{The Image Deblurring Problem}",
publisher = {Society for Industrial and Applied Mathematics},
year = {2006},
doi = {10.1137/1.9780898718874},
address = {},
edition   = {},
URL = {https://https://doi.org/10.1137/1.9780898718874.ch1},
eprint = {https://epubs.siam.org/doi/pdf/10.1137/1.9780898718874},
}
% note = "[\href{https://doi.org/10.1137/1.9780898718874.ch1}]"

@article {svd3,
	title = "\href{https://doi.org/10.1137/090749372}{Portfolio Selection Using Tikhonov Filtering to Estimate the Covariance Matrix}",
	journal = {SIAM Journal on Financial Mathematics},
	volume = {1},
	year = {2010},
	pages = {932-961},
	doi = {10.1137/090749372},
	url = {http://link.aip.org/link/?SJF/1/932/1},
	author = {Park, S. and O'Leary, D. P.}
}
    % note= "[\href{https://doi.org/10.1137/090749372}]"

@article{field_abel,
      author         = "C. Abel {\it et al.}",
      title          = "\href{https://arxiv.org/pdf/1811.06085}{Magnetic field uniformity in neutron electric dipole
                        moment experiments}",
      year           = "2018",
      eprint         = "1811.06085",
      archivePrefix  = "arXiv",
      primaryClass   = "physics.ins-det",
      SLACcitation   = "%%CITATION = ARXIV:1811.06085;%%",
}
      % note          = "[\href{https://arxiv.org/pdf/1811.06085}]"

@article{field_jeff,
      author         = "Klassen, W. and Martin, J. W. and Pignol, G.",
      title          = "\href{https://arxiv.org/pdf/1811.12262}{Wigner-Eckart Theorem and the False EDM of $^{199}$Hg}",
      year           = "2018",
      eprint         = "1811.12262",
      archivePrefix  = "arXiv",
      primaryClass   = "nucl-th",
      SLACcitation   = "%%CITATION = ARXIV:1811.12262;%%",
}
      % note          = "[\href{https://arxiv.org/pdf/1811.12262}]"
